
@misc{uis, url={http://data.uis.unesco.org/?queryid=180}, journal={Education : Pupil-teacher ratio by level of education (headcount basis)}, publisher={United Nations Educational, Scientific and Cultural Organization}, author={Uis}
}

@misc{education index | human development reports, title={Human Development Reports}, url={http://hdr.undp.org/en/content/education-index}, journal={Education index | Human Development Reports}, publisher={United Nations }
}

@misc{gross enrollment ratio, primary, both sexes | data, title={Gross enrollment ratio, primary, both sexes}, url={https://data.worldbank.org/indicator/SE.PRM.ENRR?view=chart}, journal={Gross enrollment ratio, primary, both sexes | Data}, publisher={The World Bank}
}

@misc{government expenditure on education, total | data, title={Government expenditure on education, total}, url={https://data.worldbank.org/indicator/SE.XPD.TOTL.GD.ZS}, journal={Government expenditure on education, total | Data}, publisher={World Bank}
}

@misc{unemployment, total (modeled ilo estimate) | data, title={Unemployment, total (modeled ILO estimate)}, url={https://data.worldbank.org/indicator/SL.UEM.TOTL.ZS?end=2017&page=5&start=2000}, journal={Unemployment, total (modeled ILO estimate) | Data}, publisher={World Bank}
}

@misc{health expenditure per capita  | data, title={Health expenditure per capita }, url={https://data.worldbank.org/indicator/SH.XPD.PCAP}, journal={Health expenditure per capita | Data}, publisher={World Bank}
}

@misc{gross domestic savings | data, title={Gross domestic savings}, url={https://data.worldbank.org/indicator/NY.GDS.TOTL.ZS}, journal={Gross domestic savings | Data}, publisher={World Bank}
}

@misc{world prison brief data | world prison brief, title={World Prison Brief data}, url={http://www.prisonstudies.org/world-prison-brief-data}, journal={World Prison Brief data | World Prison Brief}, publisher={Institute for Criminal Policy Research}
}




@article{hong2015effects,
  title={Effects of Education Policies and Institutions on Student Performance},
  author={Hong, Jieun},
  year={2015}
}
@article{lips2008does,
  title={Does Spending More on Education Improve Academic Achievement? Backgrounder. No. 2179.},
  author={Lips, Dan and Watkins, Shanea J and Fleming, John},
  journal={Heritage Foundation},
  year={2008},
  publisher={ERIC}
}
@article{morsy2016mass,
  title={Mass incarceration and children’s outcomes: Criminal justice policy is education policy},
  author={Morsy, Leila and Rothstein, Richard},
  journal={Washington, DC: Economic Policy Institute},
  year={2016}
}
@article{mosteller1995tennessee,
  title={The Tennessee study of class size in the early school grades},
  author={Mosteller, Frederick},
  journal={The future of children},
  pages={113--127},
  year={1995},
  publisher={JSTOR}
}
@article{stanat2002pisa,
  title={PISA 2000: Overview of the study—Design, method and results},
  author={Stanat, P and Artelt, C and Baumert, J and Klieme, E and Neubrand, M and Prenzel, M and Schiefele, U and Schneider, W and Sch{\"u}mer, G and Tillmann, K and others},
  journal={Berlin: Max Planck Institute for Human Development},
  year={2002}
}
@article{shepherd2010world,
  title={World education rankings: which country does best at reading, maths and science?},
  author={Shepherd, Jessica},
  journal={The Guardian},
  volume={7},
  year={2010}
}



    
